<?xml version="1.0" encoding="UTF-8"?>
<SOAP-ENV:Envelope xmlns:SOAP-ENV="http://schemas.xmlsoap.org/soap/envelope/" xmlns:of="http://oss.dbc.dk/ns/openformat" xmlns:ofo="http://oss.dbc.dk/ns/openformatoutput"><SOAP-ENV:Body><of:formatResponse><marc:record xmlns:marc="http://www.loc.gov/MARC21/slim"><leader>00000naa a22000000c 4500</leader><controlfield tag="001">870971:34786798</controlfield><controlfield tag="003">DKDLA</controlfield><controlfield tag="005">20110918000243.0</controlfield><controlfield tag="007">ta</controlfield><controlfield tag="008">110918s2011    dk |||||| ||| 00||udan||</controlfield><datafield ind1=" " ind2="0" tag="245"><subfield code="a">Kvinder er vel også hele mennesker</subfield></datafield><datafield ind1=" " ind2=" " tag="300"><subfield code="a">Sektion 2, s. 4</subfield></datafield><datafield ind1="1" ind2=" " tag="700"><subfield code="a">Syberg, Karen</subfield></datafield></marc:record></of:formatResponse></SOAP-ENV:Body></SOAP-ENV:Envelope>
